@book{adams1995hitchhiker,
  title={The Hitchhiker's Guide to the Galaxy},
  author={Adams, D.},
  isbn={9781417642595},
  url={http://books.google.com/books?id=W-xMPgAACAAJ},
  year={1995},
  publisher={San Val}
}

@inproceedings{gupta2008controlling,
  title={On controlling light transport in poor visibility environments},
  author={Gupta, Mohit and Narasimhan, Srinivasa G and Schechner, Yoav Y},
  booktitle={2008 IEEE Conference on Computer Vision and Pattern Recognition},
  pages={1--8},
  year={2008},
  organization={IEEE}
}

@inproceedings{sheinin2016next,
  title={The next best underwater view},
  author={Sheinin, Mark and Schechner, Yoav Y},
  booktitle={Proceedings of the IEEE Conference on Computer Vision and Pattern Recognition},
  pages={3764--3773},
  year={2016}
}